@unpublished{san2001,
    % Argumentiert für die nontrivialität der empirischen Analyse von Algorithmen und ihrer Wichtigkeit.

    title =         {Empirical analysis of algorithms is easy (or is it?)},
    author =        {Sanders, Ian},
    date =          {2001-08-30},
    url =           {http://citeseerx.ist.psu.edu/viewdoc/download?doi=10.1.1.22.2509&rep=rep1&type=pdf},
    urldate =       {2020-07-18},
}

@online{so-cpp-sorting,
    % Implementation von selection, insertion, quick, merge und heap sort in modernem C++.

    title =         {Antwort auf \enquote{How to implement classic sorting algorithms in modern C++?}},
    author =        {TemplateRex (https://stackoverflow.com/users/819272/templaterex)},
    date =          {2014-07-14},
    url =           {https://stackoverflow.com/revisions/24650627/12},
    urldate =       {2020-07-20},
}

@inproceedings{txs2014,
    % Inhaltlich irrelevant, erwähnt "practical Efficiency"!

    author =        {Tang, Youze and Xiao, Xiaokui and Shi, Yanchen},
    title =         {Influence Maximization: Near-Optimal Time Complexity Meets Practical Efficiency},
    year =          {2014},
    isbn =          {9781450323765},
    publisher =     {Association for Computing Machinery},
    address =       {New York, NY, USA},
    url =           {https://doi.org/10.1145/2588555.2593670},
    urldate =       {2020-07-20},
    doi =           {10.1145/2588555.2593670},
    booktitle =     {Proceedings of the 2014 ACM SIGMOD International Conference on Management of Data},
    pages =         {75–86},
    numpages =      {12},
    series =        {SIGMOD ’14},
}

@article{bun1963,
    % Definiert das Konzept der "Black Box".

    issn =         {00318248, 1539767X},
    url =          {http://www.jstor.org/stable/186066},
    author =       {Bunge, Mario},
    journal =      {Philosophy of Science},
    number =       {4},
    pages =        {346--358},
    publisher =    {[The University of Chicago Press, Philosophy of Science Association]},
    title =        {A General Black Box Theory},
    volume =       {30},
    year =         {1963}
}

@inproceedings{baas2009,
    % Definiert deterministische Algorithmen.

    author =        {Bocchino, Robert L. and Adve, Vikram S. and Adve, Sarita V. and Snir, Marc},
    title =         {Parallel Programming Must Be Deterministic by Default},
    year =          {2009},
    publisher =     {USENIX Association},
    address =       {USA},
    booktitle =     {Proceedings of the First USENIX Conference on Hot Topics in Parallelism},
    pages =         {4},
    numpages =      {1},
    location =      {Berkeley, California},
    series =        {HotPar’09}
}

@techreport{ISO-C++17,
    % C++17 standard.
    % The actual page numbers in the text body reference working draft N4713, which should be equivalent to the current, published standard as far as I know.

    type =          {Standard},
    year =          {2017},
    month =         {12},
    title =         {{Programming Language C++}},
    author =        {{ISO/IEC\ 14882}},
    volume =        {2017},
    address =       {Geneva, Switzerland},
    institution =   {International Organization for Standardization}
}

@book{taocp1,
    author =        {Knuth, Donald E.},
    title =         {The Art of Computer Programming, Volume 1: Fundamental Algorithms},
    publisher =     {Addison-Wesley},
    address =       {USA},
    edition =       {Third},
    year =          {1997},
}

@book{taocp3,
    author =        {Knuth, Donald E.},
    title =         {The Art of Computer Programming, Volume 3: Sorting and Searching},
    year =          {1998},
    edition =       {Second},
    isbn =          {0201896850},
    publisher =     {Addison Wesley},
    address =       {USA}
}

@book{clrs2001,
    title =         {Introduction to Algorithms},
    author =        {Cormen, Thomas H. and Leiserson, Charles F. and Rivest, Ronald L. and Stein, Clifford},
    year =          {2001},
    publisher =     {The MIT Press},
    address =       {Cambridge, Massachusetts},
    edition =       {2nd}
}

@book{hsr1997,
    author =        {Horowitz, Ellis and Sahni, Sartaj and Rajasekaran, Sanguthevar},
    year =          {1997},
    title =         {Computer Algorithms},
    publisher =     {Computer Science Press},
    address =       {New York}
}

@book{sha2011,
    title =         {Data Structures \& Algorithm Analysis in Java},
    author =        {Shaffer, Clifford A.},
    isbn =          {9780486485812},
    lccn =          {2011020237},
    series =        {Dover Books on Computer Science Series},
    year =          {2011},
    publisher =     {Dover Publications},
    address =       {New York},
}

@book{ahu1974,
    author =        {Aho, Alfred and Ullman, Jeffrey and Hopcroft, John},
    title =         {The Design and Analysis of Computer Algorithms},
    year =          {1974},
    isbn =          {0201000296},
    publisher =     {Addison-Wesley Longman Publishing Co., Inc.},
    address =       {USA},
    edition =       {1st}
}

@article{bff1996,
    author =        {Bollob\'{a}s, B\'{e}la and Fenner, Trevor I. and Frieze, Alan M.},
    title =         {On the Best Case of Heapsort},
    year =          {1996},
    issue_date =    {March 1996},
    publisher =     {Academic Press, Inc.},
    address =       {USA},
    volume =        {20},
    number =        {2},
    issn =          {0196-6774},
    doi =           {10.1006/jagm.1996.0011},
    journal =       {J. Algorithms},
    month =         mar,
    pages =         {205–217},
    numpages =      {13}
}

@book{bru1958,
    title =         {Asymptotic Methods in Analysis},
    author =        {de Bruijn, Nicolaas G.},
    lccn =          {59000655},
    series =        {Bibliotheca Mathematica: A Series of Monographs on Pure and Applied Mathematics},
    year =          {1958},
    publisher =     {North-Holland Publishing Company},
    address =       {Amsterdam, NL}
}

@book{meh1984,
    title =         {Data Structures and Algorithms 1: Sorting and Searching},
    author =        {Mehlhorn, Kurt},
    isbn =          {9780387133027},
    series =        {Monographs in Theoretical Computer Science. An EATCS Series},
    year =          {1984},
    publisher =     {Springer Berlin Heidelberg},
    address =       {Berlin, DE}
}

@book{mcg2012,
    author =        {McGeoch, Catherine C.},
    title =         {A Guide to Experimental Algorithmics},
    year =          {2012},
    isbn =          {0521173019},
    publisher =     {Cambridge University Press},
    address =       {USA},
    edition =       {1st},
}

@book{rp2013,
    author =        {Sedgewick, Robert and Flajolet, Phillipe},
    title =         {Introduction to the Analysis of Algorithms},
    edition =       {2nd},
    year =          {2013},
    publisher =     {Addison-Wesley Professional},
    address =       {USA},
}

@inbook{joh2002,
    author =        {Johnson, David S.},
    title =         {A theoretician's guide to the experimental analysis of algorithms},
    booktitle =     {Data Structures and  Near Neighbor Searches and  and Methodology: Fifth and Sixth DIMACS Implementation Challenges},
    publisher =     {American Mathematical Society},
    pages =         {215--251},
    year =          {2002},
}

@book{ger1984,
    % Only used for explaining the origin of the word algorithm

    title =         {Mathematik in Antike und Orient},
    author =        {Gericke, Helmuth},
    isbn =          {978-3-642-68631-3},
    year =          {1984},
    publisher =     {Springer-Verlag Berlin Heidelberg}
}

@book{wol1747,
    % See ger1984

    title =         {Vollständisches Mathematisches Lexicon},
    author =        {von Wolff, Christian},
    year =          {1747},
    publisher =     {Gleditsch},
    address =       {Leipzig}
}

@book{pic2009,
    % See ger1984

    title =         {The Math Book: From Pythagoras to the 57th Dimension, 250 Milestones in the History of Mathematics},
    author =        {Pickover, Clifford A.},
    isbn =          {9781402757969},
    lccn =          {2008043214},
    series =        {Sterling Milestones Series},
    year =          {2009},
    publisher =     {Sterling}
}

@book{alu2009,
    title =         {Algebra: Chapter 0},
    author =        {Aluffi, Paolo},
    isbn =          {9780821847817},
    lccn =          {2009004043},
    series =        {Graduate studies in mathematics},
    year =          {2009},
    publisher =     {American Mathematical Society}
}

@article{flo1964,
    % Only here to prove a point about pseudocode being well established since the early days

    author =        {Floyd, Robert W.},
    title =         {Algorithm 245: Treesort},
    year =          {1964},
    issue_date =    {Dec. 1964},
    publisher =     {Association for Computing Machinery},
    address =       {New York, NY, USA},
    volume =        {7},
    number =        {12},
    issn =          {0001-0782},
    doi =           {10.1145/355588.365103},
    journal =       {Commun. ACM},
    month =         dec,
    pages =         {701},
    numpages =      {2}
}

@article{bem1958,
    % See flo1964

    author =        {Bemer, Robert W.},
    title =         {A Machine Method for Square-Root Computation},
    year =          {1958},
    issue_date =    {Jan. 1958},
    publisher =     {Association for Computing Machinery},
    address =       {New York, NY, USA},
    volume =        {1},
    number =        {1},
    issn =          {0001-0782},
    doi =           {10.1145/368685.368690},
    journal =       {Commun. ACM},
    month =         jan,
    pages =         {6–7},
    numpages =      {2}
}

@book{zob2015,
    author =        {Zobel, Justin},
    title =         {Writing for Computer Science},
    year =          {2015},
    isbn =          {1447166388},
    publisher =     {Springer Publishing Company, Incorporated},
    edition =       {3rd},
}

@inproceedings{ofn2015,
    title =         {Learning to generate pseudo-code from source code using statistical machine translation},
    author =        {Oda, Yusuke and Fudaba, Hiroyuki and Neubig, Graham and Hata, Hideaki and Sakti, Sakriani and Toda, Tomoki and Nakamura, Satoshi},
    booktitle =     {2015 30th IEEE/ACM International Conference on Automated Software Engineering (ASE)},
    pages =         {574--584},
    year =          {2015},
    organization =  {IEEE}
}

@techreport{kni1996,
  title =           {Conventions for quantum pseudocode},
  author =          {Knill, Emmanuel},
  year =            {1996},
  institution =     {Los Alamos National Lab., NM (United States)}
}

@article{llx2012,
    title =         {SOAPdenovo2: an empirically improved memory-efficient short-read de novo assembler},
    author =        {Luo, Ruibang and Liu, Binghang and Xie, Yinlong and Li, Zhenyu and Huang, Weihua and Yuan, Jianying and He, Guangzhu and Chen, Yanxiang and Pan, Qi and Liu, Yunjie and others},
    journal =       {Gigascience},
    volume =        {1},
    number =        {1},
    pages =         {2047--217X},
    year =          {2012},
    publisher =     {Oxford University Press}
}

@article{cf2007,
    author =        {Chen, Yong-Gao and Fang, Jin-Hui},
    year =          {2007},
    month =         {1},
    pages =         {},
    title =         {Triangular Numbers in Geometric Progression},
    volume =        {7},
    journal =       {Integers}
}
